
@conference{Impact_Lean_Prod,
  author = {Tobias Wagner and Christoph Herrmann and Sebastian Thiede},
  booktitle = {Procedia CIRP},
  title = {Industry 4.0 impacts on lean production systems},
  year = {2017}
},

@article{Change_Man_Landscape,
  author = {Brettel M and Friederichsen N and Keller M and Rosenberg M},
  journal = {FormaMente},
  number = {1},
  title = {How Virtualization, Decentralization and Network Building Change the Manufacturing Landscape: An Industry 4.0 Perspective},
  volume = {8},
  year = {2014}
}

@misc{industry4.0,
  author = {Walker Reynolds - Intellic Integration},
  howpublished = {https://youtu.be/3u2cRRMlG7Q?si=VQa5elsF4q6QnYGv},
  title = {IIoT Whiteboard Series},
  year = {2018}
}